<?xml version="1.0" encoding="UTF-8"?>
<Document xmlns="urn:iso:std:iso:20022:tech:xsd:pain.008.001.02" xmlns:xsi="http://www.w3.org/2001/XMLSchema-instance">
    <CstmrDrctDbtInitn>
        <GrpHdr>
            <MsgId>pain-2017-02-17-594827361</MsgId>
            <CreDtTm>2017-02-17T16:06:59.024</CreDtTm>
            <NbOfTxs>1</NbOfTxs>
            <CtrlSum>25.0</CtrlSum>
            <InitgPty>
                <Nm>Fysio C3</Nm>
            </InitgPty>
        </GrpHdr>
        <PmtInf>
            <PmtInfId>19626314-OOFF</PmtInfId>
            <PmtMtd>DD</PmtMtd>
            <BtchBookg>true</BtchBookg>
            <NbOfTxs>1</NbOfTxs>
            <CtrlSum>25.0</CtrlSum>
            <PmtTpInf>
                <SvcLvl>
                    <Cd>SEPA</Cd>
                </SvcLvl>
                <LclInstrm>
                    <Cd>CORE</Cd>
                </LclInstrm>
                <SeqTp>OOFF</SeqTp>
            </PmtTpInf>
            <ReqdColltnDt>2017-03-19</ReqdColltnDt>
            <Cdtr>
                <Nm>Fysio C3</Nm>
            </Cdtr>
            <CdtrAcct>
                <Id>
                    <IBAN>NL44RABO0123456789</IBAN>
                </Id>
            </CdtrAcct>
            <CdtrAgt>
                <FinInstnId>
                    <BIC>RABONL2U</BIC>
                </FinInstnId>
            </CdtrAgt>
            <ChrgBr>SLEV</ChrgBr>
            <CdtrSchmeId>
                <Id>
                    <PrvtId>
                        <Othr>
                            <Id>INCASSO1</Id>
                            <SchmeNm>
                                <Prtry>SEPA</Prtry>
                            </SchmeNm>
                        </Othr>
                    </PrvtId>
                </Id>
            </CdtrSchmeId>
            <DrctDbtTxInf>
                <PmtId>
                    <EndToEndId>DDT-938-1962-2777152746</EndToEndId>
                </PmtId>
                <InstdAmt Ccy="EUR">25.0</InstdAmt>
                <DrctDbtTx>
                    <MndtRltdInf>
                        <MndtId>DDT-938-1962-27771</MndtId>
                        <DtOfSgntr>2017-02-17</DtOfSgntr>
                    </MndtRltdInf>
                </DrctDbtTx>
                <DbtrAgt>
                    <FinInstnId>
                        <BIC>NL75 INGB 0716 0729 18</BIC>
                    </FinInstnId>
                </DbtrAgt>
                <Dbtr>
                    <Nm>Martijn De Vries</Nm>
                </Dbtr>
                <DbtrAcct>
                    <Id>
                        <IBAN>NL75 INGB 0716 0729 18</IBAN>
                    </Id>
                </DbtrAcct>
                <RmtInf>
                    <Ustrd>Afschrijving behandeling(en) door Fysiotherapie Beuzenberg op 2017-02-17</Ustrd>
                </RmtInf>
            </DrctDbtTxInf>
        </PmtInf>
    </CstmrDrctDbtInitn>
</Document>
